@Book{Schlick02,
  title =	"Molecular Modeling and Simulation",
  author =	"T. Schlick",
  publisher =   "Springer",
  year = 	"2002",
}

@Article{Verlet67,
  title =	"Computer experiments on classical fluids I.Thermodynamical properties of Lennard-Jones molecules",
  author =	"L. Verlet",
  journal =	"Phys. Rev.",
  year = 	"1967",
  number =	"159",
  pages =	"98-103",
}

@Article{Negrut07,
  title =	"On an Implementation of the Hilber-Hughes-Taylor Method in the Context of Index 3 Differential-Algebraic Equations of Multibody Dynamics",
  author =	"D. Negrut and R. Rampalli and G. Ottarsson and A. Sajdak",
  journal =	"J. Computational and Nonlinear Dynamics",
  year = 	"2007",
  number =	"2",
  pages =	"73-82",
}


@misc{Heath,

  title = "Parallel Numerican Algorithms",
  author = "D. Heath",
  note = "CS554: University of Illinois at Urbana-Champaign",
  howpublished="\url{http://courses.engr.illinois.edu/cs554/notes/06_lu_8up.pdf}"
}
